@article{PhysRev.75.1358,
	title = {Disintegration of ${\mathrm{He}}^{3}$ and ${\mathrm{N}}^{14}$ by Thermal Neutrons},
	author = {Coon JH and Nobles RA},
	journal = {Phys. Rev.},
	volume = {75},
	issue = {9},
	pages = {1358--1361},
	year = {1949},
	month = {May},
	doi = {10.1103/PhysRev.75.1358},
	url = {http://link.aps.org/doi/10.1103/PhysRev.75.1358},
	publisher = {American Physical Society}
}


@article{Oed200462,
	title = "Detectors for thermal neutrons ",
	journal = "Nuclear Instruments and Methods in Physics Research Section A: Accelerators, Spectrometers, Detectors and Associated Equipment ",
	volume = "525",
	number = "1â€“2",
	pages = "62 - 68",
	year = "2004",
	note = "Proceedings of the International Conference on Imaging Techniques in Subatomic Physics, Astrophysics, Medicine, Biology and Industry",
	issn = "0168-9002",
	doi = "http://dx.doi.org/10.1016/j.nima.2004.03.025",
	url = "http://www.sciencedirect.com/science/article/pii/S0168900204003523",
	author = "Oed A",
	keywords = "Radiation detectors",
	keywords = "Gas-filled counters",
	keywords = "Position sensitive detectors "
}

@INPROCEEDINGS{701682,
	author={Jones GP and Tsorbatzoglou KM},
	booktitle={Nuclear Science Symposium and Medical Imaging Conference, 1993., 1993 IEEE Conference Record.},
	title={Design Of He-3 Neutron Detectors Without The Use Of Polyatomic Quench Gases},
	year={1993},
	pages={279-282},
	keywords={Electron tubes;Gamma ray detection;Gamma ray detectors;Gases;Helium;Neutrons;Pollution measurement;Pulse measurements;Radiation detectors;Voltage},
	doi={10.1109/NSSMIC.1993.701682},
}


@ARTICLE{BELLE2TDR,
   	author = {{Abe} T and {Adachi} I and {Adamczyk} K and {Ahn} S and 
	{Aihara} H and {Akai} K and {Aloi} M and {Andricek} L and 
	{Aoki} K and {Arai} Y and et al.},
    	title = "{Belle II Technical Design Report}",
  	journal = {ArXiv e-prints},
	archivePrefix = "arXiv",
   	eprint = {1011.0352},
 	primaryClass = "physics.ins-det",
 	keywords = {Physics - Instrumentation and Detectors, High Energy Physics - Experiment},
     	year = 2010,
    	month = nov,
   	adsurl = {http://adsabs.harvard.edu/abs/2010arXiv1011.0352A},
  	adsnote = {Provided by the SAO/NASA Astrophysics Data System}
}

@misc{BNL,
    	author    = "Brookhaven National Laboratory",
    	title     = "Evaluated Nuclear Data File",
    	howpublished = "http://www.nndc.bnl.gov",
    	year     = "2011",
    	month    = "December",
}

@article{Touschek.10.407,
  	title = {Lifetime and Beam Size in a Storage Ring},
  	author = {Bernardini C and Corazza GF and Di Giugno G and Ghigo G and Haissinski J and Marin P and Querzoli R and Touschek B},
  	journal = {Phys. Rev. Lett.},
  	volume = {10},
  	issue = {9},
  	pages = {407--409},
  	numpages = {0},
  	year = {1963},
  	month = {May},
  	publisher = {American Physical Society},
  	doi = {10.1103/PhysRevLett.10.407},
  	url = {http://link.aps.org/doi/10.1103/PhysRevLett.10.407}
}

@article{GrantProp,
	title = "Excerpt from Grant Proposal",
	author = "Roney JM",
	year = "2014",
}

@misc{TouschekSlides,
	author = "Bocchetta CJ",
	title = "The Touschek Effect",
	year = "2003",
	howpublished = "http://cas.web.cern.ch/cas/BRUNNEN/Presentations/PDF/Bocchetta/Touschek.pdf",
	note = "CAS - ``Synchrotron Radiation and Free Electron Lasers'' - Brunnen, Switzerland ",
}

@misc{BeamGasSlides,
	author = "Bocchetta CJ",
	title = "Gas Scattering",
	year = "2003",
	howpublished = "http://cas.web.cern.ch/cas/BRUNNEN/Presentations/PDF/Bocchetta/Gas-Scattering.pdf",
	note = "CAS - ``Synchrotron Radiation and Free Electron Lasers'' - Brunnen, Switzerland ",
}

@book{Wolski,
  	title={Beam Dynamics in High Energy Particle Accelerators},
  	author={Wolski A},
  	year={2014},
  	publisher={World Scientific}
}


@book{chao2013handbook,
  	title={Handbook of accelerator physics and engineering},
  	author={Chao AW and Mess KH and Tigner M and Zimmermann F},
  	year={2013},
  	publisher={World scientific}
}



@techreport{moller1999beam,
  	title={Beam-residual gas interactions},
  	author={M{\o}ller P},
  	year={1999},
  	institution={CERN}
}

@article{schieck2013depfet,
  	title={{DEPFET} pixels as a vertex detector for the {B}elle {II} experiment},
  	author={Schieck J and {DEPFET} Collaboration and others},
  	journal={Nuclear Instruments and Methods in Physics Research Section A: Accelerators, Spectrometers, Detectors and Associated Equipment},
  	volume={732},
  	pages={160--163},
  	year={2013},
  	publisher={Elsevier}
}

@article{abashian2002belle,
  	title={The belle detector},
  	author={Abashian A and Gotow K and Morgan N and Piilonen L and Schrenk S and Abe K and Adachi I and Alexander JP and Aoki K and Behari S and others},
  	journal={Nuclear Instruments and Methods in Physics Research Section A: Accelerators, Spectrometers, Detectors and Associated Equipment},
  	volume={479},
  	number={1},
  	pages={117--232},
  	year={2002},
  	publisher={Elsevier}
}	

@article{ohnishi2013accelerator,
  	title={Accelerator design at {SuperKEKB}},
  	author={Ohnishi Y and Abe T and Adachi T and Akai K and Arimoto Y and Ebihara K and Egawa K and Flanagan J and Fukuma H and Funakoshi Y and others},
  	journal={Progress of Theoretical and Experimental Physics},
  	volume={2013},
  	number={3},
  	pages={03A011},
  	year={2013},
  	publisher={Oxford University Press}
}

@misc{Alex,
  	author = "Beaulieu A",
  	date = "2016-08-05",
  	howpublished = "Personal communication"
}

@misc{HiroEmailCurrentError,
	author = "Nakayama H",
  	date = "2016-12-20",
  	howpublished = "Personal communication"
}

@misc{Hiro,
  	author = "Nakayama H",
  	date = "2016-12-05",
  	howpublished = "Personal communication"
}


@misc{AmBELetter,
  	author = "Smith E",
  	year = "1963",
  	howpublished = "Private communication from Eric Smith (Atomic Energy of Canada Ltd) to R. M. Pearce (University of Victoria)"
}

@misc{Honkanen,
  	author = "Honkanen N",
  	date = "2016-10-08",
  	title = "{$^3$He} Thermal Neutron Detector and Amplifier",
  	howpublished = "Personal communication"
}

@book{barschall1983neutron,
  	title={Neutron sources: for basic physics and applications},
  	author={Barschall HH},
  	volume={2},
  	year={1983},
  	publisher={Pergamon}
}

@misc{GEREUTER,
  	author = "GE-Reuter Stokes",
  	title = "{$^3$He} Thermal Neutron Detector Schematic",
  	howpublished = "Personal communication"
}


@misc{SKBgroup,
  	author = "SuperKEKB Accelerator Group"
}

@article{cannata1980giant,
  	title={Giant resonance phenomena in intermediate-energy nuclear reactions},
  	author={Cannata F and {\"U}berall H},
  	year={1980}
}


@article{GEANT,
      	author         = "Agostinelli S and others",
      	title          = "{GEANT4: A Simulation toolkit}",
      	collaboration  = "GEANT4",
      	journal        = "Nucl. Instrum. Meth.",
      	volume         = "A506",
     	year           = "2003",
     	pages          = "250-303",
     	doi            = "10.1016/S0168-9002(03)01368-8",
      	reportNumber   = "SLAC-PUB-9350, FERMILAB-PUB-03-339",
      	SLACcitation   = "%%CITATION = NUIMA,A506,250;%%"
}

@article{PDGBook,
  	author = "Particle Data Group and Olive KA and et al. and Fetscher W and Gerber HJ and Grab C and Pape L",
  	title = "{REVIEW OF PARTICLE PHYSICS} {P}article {D}ata {G}roup",
  	journal = "Chinese physics. C, High energy physics and nuclear physics",
  	year = 2014,
  	volume = "38",
  	number = "9",
  	pages = "090001--",
}

@article{EPICS,
  	title={The experimental physics and industrial control system architecture: past, present, and future},
  	author={Dalesio LR and Hill JO and Kraimer M and Lewis S and Murray D and Hunt S and Watson W and Clausen M and Dalesio J},
  	journal={Nuclear Instruments and Methods in Physics Research Section A},
  	volume={352},
  	number={1},
  	pages={179--184},
  	year={1994},
  	publisher={Elsevier}
}


@article{SAD,
  	title={{SAD} ({S}trategic {A}ccelerator {D}esign) http://acc-physics.kek.jp},
  	author={Oide K and others},
  	year={1986},
  	journal={/SAD/sad.html}
}

@article{CERNROOT,
  	title={{ROOT} - An Object Oriented Data Analysis Framework},
  	author={Brun R and Rademakers F},
  	journal={Nuclear Instruments and Methods in Physics Research Section A},
  	volume={389},
  	number={1},
  	pages={81--86},
  	year={1997}
}


@inproceedings{BASF2,
  	title={The software framework of the {B}elle {II} experiment},
  	author={Moll A},
  	booktitle={Journal of Physics: Conference Series},
  	volume={331},
  	pages={032024},
  	year={2011},
  	organization={IOP Publishing}
}

@inproceedings{Marin:1999ss,
      	author         = "Marin P",
      	title          = "{Designing accelerator vacuum systems}",
      	booktitle      = "{CAS-CERN Accelerator School: Vacuum technology,
                        Snekersten, Denmark, 28 May-3 Jun 1999: Proceedings}",
      	year           = "1999",
      	pages          = "271-280",
      	SLACcitation   = "%%CITATION = INSPIRE-511847;%%"
}


@inproceedings{bruning1999electron,
  title={Electron cloud and beam scrubbing in the LHC},
  author={Bruning O and Caspers F and Collins IR and Grobner O and Henrist B and Hilleret N and Laurent J-M and Morvillo M and Pivi M and Ruggiero F and others},
  booktitle={Particle Accelerator Conference, 1999. Proceedings of the 1999},
  volume={4},
  pages={2629--2631},
  year={1999},
  organization={IEEE}
}



@article{neutronFluxPaper,
  title={Calculated average neutron flux values of 241 {AmBe} neutron sources at different neutron source-to-target cross-section distances},
  author={Rieppo R},
  journal={The International Journal of Applied Radiation and Isotopes},
  volume={31},
  number={12},
  pages={789--790},
  year={1980},
  publisher={Elsevier}
}



@article{AmBeSpec,
  title={The neutron energy spectrum of a 241{Am-Be} (Alpha, n) source and resulting mean fluence to dose equivalent conversion factors},
  author={Kluge H and Weise K},
  journal={Radiation Protection Dosimetry},
  volume={2},
  number={2},
  pages={85--93},
  year={1982},
  publisher={NTP}
}



@article{BEASTPAPER,
  title={BEAST PAPER},
  author={Vahsen S},
  journal={Belle II internal},
  year={2016}
}


@incollection{nistMassSpec,
  author       = {Stein SE}, 
  title        = {Mass Spectra},
  booktitle    = {NIST Chemistry WebBook, NIST Standard Reference Database Number 69},
  publisher    = {National Institute of Standards and Technology},
  year         = 2016,
  editor       = {Linstrom PJ and Mallard WG},
  address      = {Gaithersburg MD},
  month        = 11,
  note         = {http://webbook.nist.gov}
}


@book{MassSpecBook,
  	title={Interpretation of Mass Spectra, Fourth Edition},
  	author={McLefferty FW and ure\v{c}ek F},
  	year={1993},
  	publisher={University Science Books},
	address={Mill Valley, CA}
}


@book{LinAlg,
  	title={Linear Algebra and it's Applications, Third Edition},
  	author={Lay DC },
  	year={2003},
  	publisher={Addison Wesley},
}


@article{malyshev2012gas,
  title={Gas dynamics modelling for particle accelerators},
  author={Malyshev OB},
  journal={Vacuum},
  volume={86},
  number={11},
  pages={1669--1681},
  year={2012},
  publisher={Elsevier}
}


@article{le1995single,
  title={Single and multiple Touschek effects},
  author={Le Duff J},
  journal={CERN EUROPEAN ORGANIZATION FOR NUCLEAR RESEARCH-REPORTS-CERN},
  pages={573--586},
  year={1995},
  publisher={Cern}
}

@article{SKBVacuum,
	title={First Commissioning of the {S}uper{KEKB} Vacuum System},
	author={Suetsugu Y and Shibata K and Ishibashi T and Kanazawa K and Shirai M and Terui S and Hisamatsu H},
	journal={Physical Review Accelertors and Beams (KEK Preprint)},
	year={2016},
	publisher={KEK}
}




@book{LinAlg2,
  	title={Applied Regression Analysis, Third Edition},
  	author={Draoer NR and Smith H},
  	year={1998},
  	publisher={Wiley-Interscience},
}




@misc{superbaccelerator,
	Author = { {SuperB} Collaboration and Biagini ME and Raimondi P and Seeman J},
	Title = {{SuperB} Progress Reports -- Accelerator},
	Year = {2010},
	Eprint = {arXiv:1009.6178},
}


@article{young1978radiation,
  title={Radiation damage in neutron transmutation doped silicon: Electrical property studies},
  author={Young RT and Cleland JW and Wood RF and Abraham MM},
  journal={Journal of Applied Physics},
  volume={49},
  number={9},
  pages={4752--4760},
  year={1978},
  publisher={AIP Publishing}
}


@article{lebreton2007experimental,
  title={Experimental comparison of 241{Am--Be} neutron fluence energy distributions},
  author={Lebreton L and Zimbal A and Thomas D},
  journal={Radiation protection dosimetry},
  year={2007},
  publisher={NTP}
}

@article{hargrove,
  title={Neutron spectrum of an {Am}241-{Be} ($\alpha$, n) source},
  author={Geiger KW and Hargrove CK},
  journal={Nuclear Physics},
  volume={53},
  pages={204--208},
  year={1964},
  publisher={Elsevier}
}







